<record><leader>00000cas a2200000 a 4500</leader><controlfield tag="001">12114495</controlfield><controlfield tag="008">850604d18541857nyuwr ne      0    0eng c</controlfield><datafield ind1=" " ind2=" " tag="010"><subfield code="a">sn 85026237 </subfield></datafield><datafield ind1=" " ind2=" " tag="040"><subfield code="a">NPX</subfield><subfield code="b">eng</subfield><subfield code="c">NPX</subfield><subfield code="d">NYS</subfield><subfield code="d">OCL</subfield><subfield code="d">DLC</subfield><subfield code="d">OCLCQ</subfield><subfield code="d">OCLCF</subfield></datafield><datafield ind1="1" ind2=" " tag="029"><subfield code="a">AU@</subfield><subfield code="b">000020233751</subfield></datafield><datafield ind1=" " ind2=" " tag="042"><subfield code="a">pcc</subfield></datafield><datafield ind1=" " ind2=" " tag="043"><subfield code="a">n-us-ny</subfield></datafield><datafield ind1="0" ind2="0" tag="050"><subfield code="a">Newspaper</subfield></datafield><datafield ind1="0" ind2=" " tag="130"><subfield code="a">Cherry Valley gazette (Cherry Valley, N.Y. : 1854)</subfield></datafield><datafield ind1="1" ind2="0" tag="245"><subfield code="a">Cherry Valley gazette.</subfield></datafield><datafield ind1=" " ind2=" " tag="260"><subfield code="a">Cherry Valley, N.Y. :</subfield><subfield code="b">A.S. Botsford</subfield></datafield><datafield ind1=" " ind2=" " tag="300"><subfield code="a">v.</subfield></datafield><datafield ind1=" " ind2=" " tag="310"><subfield code="a">Weekly</subfield></datafield><datafield ind1="1" ind2=" " tag="362"><subfield code="a">Began in 1854?</subfield><subfield code="z">Cf. French, J.H. Gazetteer of the State of N.Y., 1860.</subfield></datafield><datafield ind1="0" ind2=" " tag="362"><subfield code="a">-v. 33. no. 1676 (Mar. 19, 1857) = -new ser. v. 3, no. 12.</subfield></datafield><datafield ind1=" " ind2=" " tag="530"><subfield code="a">Also issued on microfilm from the Library of Congress, Photoduplication Service.</subfield></datafield><datafield ind1=" " ind2=" " tag="588"><subfield code="a">Description based on: Vol. 31, no. 1563 (Jan. 17, 1855) = new ser. v. 1, no. 3.</subfield></datafield><datafield ind1=" " ind2="0" tag="651"><subfield code="a">Cherry Valley (N.Y.)</subfield><subfield code="v">Newspapers.</subfield></datafield><datafield ind1=" " ind2="7" tag="655"><subfield code="a">Newspapers.</subfield><subfield code="2">fast</subfield><subfield code="0">(OCoLC)fst01423814</subfield></datafield><datafield ind1=" " ind2="7" tag="651"><subfield code="a">New York (State)</subfield><subfield code="z">Cherry Valley.</subfield><subfield code="2">fast</subfield><subfield code="0">(OCoLC)fst01263960</subfield></datafield><datafield ind1=" " ind2=" " tag="752"><subfield code="a">United States</subfield><subfield code="b">New York</subfield><subfield code="c">Otsego</subfield><subfield code="d">Cherry Valley.</subfield></datafield><datafield ind1="0" ind2="0" tag="780"><subfield code="t">American banner (Cherry Valley, N.Y.)</subfield><subfield code="w">(DLC)sn 91066263</subfield><subfield code="w">(OCoLC)23881274</subfield></datafield><datafield ind1="0" ind2="7" tag="785"><subfield code="t">Otsego examiner</subfield><subfield code="w">(DLC)sn 83031206</subfield><subfield code="w">(OCoLC)9820335</subfield></datafield><datafield ind1="0" ind2="7" tag="785"><subfield code="t">Gazette &amp; examiner</subfield><subfield code="w">(DLC)sn 92061706</subfield><subfield code="w">(OCoLC)26127056</subfield></datafield></record>